@misc{examplecitation,
    author	= "John Doe",
    year	= "2016",
    title	= "This is an example reference",
    url		= "http://example.com/birdReferences"
}

@misc{examplecitation2,
    author	= "Jane Smith",
    year	= "2008",
    title	= "This is another example reference",
    url		= "http://example.com/1337reference"
}
